<record><leader>00000cas a22000007a 4500</leader><controlfield tag="001">16537387</controlfield><controlfield tag="008">870825u19uuuuuutxuwr ne      0    0eng d</controlfield><datafield ind1=" " ind2=" " tag="010"><subfield code="a">sn 87090671 </subfield></datafield><datafield ind1=" " ind2=" " tag="040"><subfield code="a">PPM</subfield><subfield code="b">eng</subfield><subfield code="c">PPM</subfield><subfield code="d">OCLCQ</subfield></datafield><datafield ind1=" " ind2=" " tag="042"><subfield code="a">msc</subfield></datafield><datafield ind1="0" ind2=" " tag="130"><subfield code="a">Central messenger (Brownwood, Tex.)</subfield></datafield><datafield ind1="1" ind2="4" tag="245"><subfield code="a">The central messenger.</subfield></datafield><datafield ind1=" " ind2=" " tag="260"><subfield code="a">Brownwood, Tex. :</subfield><subfield code="b">D.M. West</subfield></datafield><datafield ind1=" " ind2=" " tag="310"><subfield code="a">Weekly</subfield></datafield><datafield ind1=" " ind2=" " tag="588"><subfield code="a">Description based on: Vol. 13, no. 43 (Nov. 8, 1928).</subfield></datafield><datafield ind1=" " ind2=" " tag="752"><subfield code="a">United States</subfield><subfield code="b">Texas</subfield><subfield code="c">Brown</subfield><subfield code="d">Brownwood.</subfield></datafield><datafield ind1="1" ind2=" " tag="029"><subfield code="a">AU@</subfield><subfield code="b">000025828012</subfield></datafield></record>